% Encoding: UTF-8

@Article{kisioglu2011applying,
  author        = {Kisioglu, P\inar and Topcu, Y. Ilker},
  title         = {{Applying Bayesian Belief Network approach to customer churn analysis: A case study on the telecom industry of Turkey}},
  journal       = {{Expert Systems with Applications}},
  year          = {2011},
  volume        = {38},
  number        = {6},
  pages         = {7151--7157},
  __markedentry = {[theo:1]},
  doi           = {10.1016/j.eswa.2010.12.045},
  file          = {:Kisioglu2011.pdf:PDF},
  publisher     = {{Elsevier}},
  tags          = {causality, churn},
}

@Article{colgate2000implementing,
  author    = {Colgate, Mark R. and Danaher, Peter J.},
  title     = {{Implementing a customer relationship strategy: The asymmetric impact of poor versus excellent execution}},
  journal   = {{Journal of the academy of marketing science}},
  year      = {2000},
  volume    = {28},
  number    = {3},
  pages     = {375--387},
  doi       = {10.1177/0092070300283006},
  publisher = {{Sage Publications Sage CA: Thousand Oaks, CA}},
  tags      = {churn},
}

@Article{zhu2017empirical,
  author        = {Zhu, Bing and Baesens, Bart and vanden Broucke, Seppe KLM},
  title         = {{An empirical comparison of techniques for the class imbalance problem in churn prediction}},
  journal       = {{Information sciences}},
  year          = {2017},
  volume        = {408},
  pages         = {84--99},
  __markedentry = {[theo:1]},
  doi           = {10.1016/j.ins.2017.04.015},
  file          = {:Zhu2017.pdf:},
  publisher     = {{Elsevier}},
  tags          = {churn},
}

@Article{vafeiadis2015comparison,
  author        = {Vafeiadis, Thanasis and Diamantaras, Konstantinos I. and Sarigiannidis, George and Chatzisavvas, K. Ch},
  title         = {{A comparison of machine learning techniques for customer churn prediction}},
  journal       = {{Simulation Modelling Practice and Theory}},
  year          = {2015},
  volume        = {55},
  pages         = {1--9},
  __markedentry = {[theo:1]},
  doi           = {10.1016/j.simpat.2015.03.003},
  file          = {:Vafeiadis2015.pdf:},
  publisher     = {{Elsevier}},
  tags          = {churn},
}

@Book{baesens2014analytics,
  title     = {{Analytics in a big data world: The essential guide to data science and its applications}},
  publisher = {{John Wiley \& Sons}},
  year      = {2014},
  author    = {Baesens, Bart},
  file      = {:Baesens2014.pdf:},
  pages     = {172--176},
  tags      = {churn},
}

@Article{cox1958regression,
  author    = {Cox, D. R.},
  title     = {{The Regression Analysis of Binary Sequences}},
  journal   = {{Journal of the Royal Statistical Society. Series B (Methodological)}},
  year      = {1958},
  volume    = {20},
  number    = {2},
  pages     = {215--242},
  issn      = {{00359246}},
  abstract  = {{A sequence of 0’s and 1’s is observed and it is suspected that the chance that a particular trial is a 1 depends on the value of one or more independent variables. Tests and estimates for such situations are considered, dealing first with problems in which the independent variable is preassigned and then with independent variables that are functions of the sequence. There is a considerable amount of earlier work, which is reviewed.}},
  doi       = {10.1111/j.2517-6161.1959.tb00334.x},
  publisher = {{[Royal Statistical Society, Wiley]}},
  tags      = {maths},
  url       = {{http://www.jstor.org/stable/2983890}},
}

@Article{keramati2014improved,
  author        = {Keramati, Abbas and Jafari-Marandi, Ruholla and Aliannejadi, Mohammed and Ahmadian, Iman and Mozaffari, Mahdieh and Abbasi, Uldoz},
  title         = {{Improved churn prediction in telecommunication industry using data mining techniques}},
  journal       = {{Applied Soft Computing}},
  year          = {2014},
  volume        = {24},
  pages         = {994--1012},
  __markedentry = {[theo:1]},
  doi           = {10.1016/j.asoc.2014.08.041},
  file          = {:Keramati2014.pdf:},
  publisher     = {{Elsevier}},
  tags          = {churn},
}

@Article{xia1999proof,
  author    = {Xia, Da-Feng and Xu, Sen-Lin and Qi, Feng},
  title     = {{A proof of the arithmetic mean-geometric mean-harmonic mean inequalities}},
  journal   = {{RGMIA research report collection}},
  year      = {1999},
  volume    = {2},
  number    = {1},
  publisher = {{School of Communications and Informatics, Faculty of Engineering and Science, Victoria University of Technology}},
  tags      = {maths},
}

@Article{fawcett2006introduction,
  author    = {Fawcett, Tom},
  title     = {{An introduction to ROC analysis}},
  journal   = {{Pattern recognition letters}},
  year      = {2006},
  volume    = {27},
  number    = {8},
  pages     = {861--874},
  doi       = {10.1016/j.patrec.2005.10.010},
  publisher = {{Elsevier}},
  tags      = {machine learning},
}

@Article{verbraken2013novel,
  author    = {Verbraken, Thomas and Verbeke, Wouter and Baesens, Bart},
  title     = {{A novel profit maximizing metric for measuring classification performance of customer churn prediction models}},
  journal   = {{IEEE Transactions on Knowledge and Data Engineering}},
  year      = {2013},
  doi       = {10.1109/tkde.2012.50},
  file      = {:Verbraken2013.pdf:},
  publisher = {{IEEE}},
  tags      = {churn},
}

@Article{meek2013strong,
  author  = {Meek, Christopher},
  title   = {{Strong completeness and faithfulness in Bayesian networks}},
  journal = {{arXiv preprint arXiv:1302.4973}},
  year    = {2013},
  file    = {:Meek2013.pdf:},
  tags    = {causality},
}

@Article{batista2004study,
  author    = {Batista, Gustavo EAPA and Prati, Ronaldo C. and Monard, Maria Carolina},
  title     = {{A study of the behavior of several methods for balancing machine learning training data}},
  journal   = {{ACM SIGKDD explorations newsletter}},
  year      = {2004},
  volume    = {6},
  number    = {1},
  pages     = {20--29},
  doi       = {10.1145/1007730.1007735},
  file      = {:Batista2004.pdf:},
  publisher = {{ACM}},
  tags      = {machine learning},
}

@Article{dalpozzolo2015adaptive,
  author    = {Dal Pozzolo, Andrea and Bontempi, Gianluca},
  title     = {{Adaptive machine learning for credit card fraud detection}},
  year      = {2015},
  publisher = {{Université libre de Bruxelles}},
  tags      = {fraud},
}

@Article{breiman2001random,
  author    = {Breiman, Leo},
  title     = {{Random forests}},
  journal   = {{Machine learning}},
  year      = {2001},
  volume    = {45},
  number    = {1},
  pages     = {5--32},
  file      = {:Breiman2001.pdf:},
  publisher = {{Springer}},
  tags      = {machine learning},
}

@Article{amin2019customer,
  author        = {Amin, Adnan and Al-Obeidat, Feras and Shah, Babar and Adnan, Awais and Loo, Jonathan and Anwar, Sajid},
  title         = {{Customer churn prediction in telecommunication industry using data certainty}},
  journal       = {{Journal of Business Research}},
  year          = {2019},
  volume        = {94},
  pages         = {290--301},
  __markedentry = {[theo:1]},
  doi           = {10.1016/j.jbusres.2018.03.003},
  file          = {:Amin2019.pdf:},
  publisher     = {{Elsevier}},
  tags          = {churn},
}

@Article{coussement2017comparative,
  author        = {Coussement, Kristof and Lessmann, Stefan and Verstraeten, Geert},
  title         = {{A comparative analysis of data preparation algorithms for customer churn prediction: A case study in the telecommunication industry}},
  journal       = {{Decision Support Systems}},
  year          = {2017},
  volume        = {95},
  pages         = {27--36},
  __markedentry = {[theo:1]},
  doi           = {10.1016/j.dss.2016.11.007},
  file          = {:Coussement2017.pdf:},
  publisher     = {{Elsevier}},
  tags          = {churn},
}

@Article{mitrovic2018operational,
  author        = {Mitrović, Sandra and Baesens, Bart and Lemahieu, Wilfried and De Weerdt, Jochen},
  title         = {{On the operational efficiency of different feature types for telco Churn prediction}},
  journal       = {{European Journal of Operational Research}},
  year          = {2018},
  volume        = {267},
  number        = {3},
  pages         = {1141--1155},
  __markedentry = {[theo:1]},
  doi           = {10.1016/j.ejor.2017.12.015},
  file          = {:Mitrovic2018.pdf:},
  publisher     = {{Elsevier}},
  tags          = {churn},
}

@Article{decaigny2018new,
  author        = {De Caigny, Arno and Coussement, Kristof and De Bock, Koen W.},
  title         = {{A new hybrid classification algorithm for customer churn prediction based on logistic regression and decision trees}},
  journal       = {{European Journal of Operational Research}},
  year          = {2018},
  volume        = {269},
  number        = {2},
  pages         = {760--772},
  __markedentry = {[theo:1]},
  doi           = {10.1016/j.ejor.2018.02.009},
  publisher     = {{Elsevier}},
  tags          = {churn},
}

@Article{amin2017customer,
  author        = {Amin, Adnan and Anwar, Sajid and Adnan, Awais and Nawaz, Muhammad and Alawfi, Khalid and Hussain, Amir and Huang, Kaizhu},
  title         = {{Customer churn prediction in the telecommunication sector using a rough set approach}},
  journal       = {{Neurocomputing}},
  year          = {2017},
  volume        = {237},
  pages         = {242--254},
  __markedentry = {[theo:1]},
  doi           = {10.1016/j.neucom.2016.12.009},
  file          = {:Amin2017.pdf:},
  publisher     = {{Elsevier}},
  tags          = {churn},
}

@Article{oskarsdottir2017social,
  author        = {Óskarsdóttir, María and Bravo, Cristián and Verbeke, Wouter and Sarraute, Carlos and Baesens, Bart and Vanthienen, Jan},
  title         = {{Social network analytics for churn prediction in telco: Model building, evaluation and network architecture}},
  journal       = {{Expert Systems with Applications}},
  year          = {2017},
  volume        = {85},
  pages         = {204--220},
  __markedentry = {[theo:1]},
  doi           = {10.1016/j.eswa.2017.05.028},
  file          = {:Oskarsdottir2017.pdf:},
  publisher     = {{Elsevier}},
  tags          = {churn},
}

@Article{oskarsdottir2018time,
  author        = {Óskarsdóttir, María and Van Calster, Tine and Baesens, Bart and Lemahieu, Wilfried and Vanthienen, Jan},
  title         = {{Time series for early churn detection: Using similarity based classification for dynamic networks}},
  journal       = {{Expert Systems with Applications}},
  year          = {2018},
  volume        = {106},
  pages         = {55--65},
  __markedentry = {[theo:1]},
  doi           = {10.1016/j.eswa.2018.04.003},
  file          = {:Oskarsdottir2018.pdf:},
  publisher     = {{Elsevier}},
  tags          = {churn},
}

@Article{ahmed2017churn,
  author        = {Ahmed, Ammar AQ and Maheswari, D.},
  title         = {{Churn prediction on huge telecom data using hybrid firefly based classification}},
  journal       = {{journal abbreviation}},
  year          = {2017},
  volume        = {18},
  number        = {3},
  pages         = {215--220},
  __markedentry = {[theo:1]},
  doi           = {10.1016/j.eij.2017.02.002},
  file          = {:Ahmed2017.pdf:},
  publisher     = {{Elsevier}},
  tags          = {churn},
}

@Article{verbeke2014social,
  author        = {Verbeke, Wouter and Martens, David and Baesens, Bart},
  title         = {{Social network analysis for customer churn prediction}},
  journal       = {{Applied Soft Computing}},
  year          = {2014},
  volume        = {14},
  pages         = {431--446},
  __markedentry = {[theo:1]},
  doi           = {10.1016/j.asoc.2013.09.017},
  file          = {:Verbeke2014.pdf:},
  publisher     = {{Elsevier}},
  tags          = {churn},
}

@Article{stripling2018profit,
  author        = {Stripling, Eugen and vanden Broucke, Seppe and Antonio, Katrien and Baesens, Bart and Snoeck, Monique},
  title         = {{Profit maximizing logistic model for customer churn prediction using genetic algorithms}},
  journal       = {{Swarm and Evolutionary Computation}},
  year          = {2018},
  volume        = {40},
  pages         = {116--130},
  __markedentry = {[theo:1]},
  doi           = {10.1016/j.swevo.2017.10.010},
  file          = {:Stripling2018.pdf:},
  publisher     = {{Elsevier}},
  tags          = {churn},
}

@InProceedings{idris2014ensemble,
  author        = {Idris, Adnan and Khan, Asifullah},
  title         = {{Ensemble based efficient churn prediction model for telecom}},
  booktitle     = {{Frontiers of Information Technology (FIT), 2014 12th International Conference on}},
  year          = {2014},
  pages         = {238--244},
  __markedentry = {[theo:1]},
  author:corp   = {{IEEE}},
  doi           = {10.1109/fit.2014.52},
  file          = {:Idris2014.pdf:},
  tags          = {churn},
}

@Article{liu2009exploratory,
  author    = {Liu, Xu-Ying and Wu, Jianxin and Zhou, Zhi-Hua},
  title     = {{Exploratory undersampling for class-imbalance learning}},
  journal   = {{IEEE Transactions on Systems, Man, and Cybernetics, Part B (Cybernetics)}},
  year      = {2009},
  volume    = {39},
  number    = {2},
  pages     = {539--550},
  doi       = {10.1109/tsmcb.2008.2007853},
  file      = {:Liu2009.pdf:},
  publisher = {{IEEE}},
  tags      = {machine learning},
}

@Article{zhang2003data,
  author    = {Zhang, Shichao and Zhang, Chengqi and Yang, Qiang},
  title     = {{Data preparation for data mining}},
  journal   = {{Applied artificial intelligence}},
  year      = {2003},
  volume    = {17},
  number    = {5-6},
  pages     = {375--381},
  doi       = {10.1080/713827180},
  file      = {:Zhang2003.pdf:},
  publisher = {{Taylor \& Francis}},
  tags      = {machine learning},
}

@InProceedings{sathe2017similarity,
  author    = {Sathe, Saket and Aggarwal, Charu C.},
  title     = {{Similarity Forests}},
  booktitle = {{Proceedings of the 23rd ACM SIGKDD International Conference on Knowledge Discovery and Data Mining}},
  year      = {2017},
  series    = {{KDD ’17}},
  pages     = {395--403},
  address   = {{New York, NY, USA}},
  publisher = {{ACM}},
  acmid     = {{3098046}},
  doi       = {{10.1145/3097983.3098046}},
  isbn      = {{978-1-4503-4887-4}},
  keywords  = {{classification, data mining, random forests}},
  location  = {{Halifax, NS, Canada}},
  numpages  = {{9}},
  tags      = {machine learning},
  url       = {{http://doi.acm.org/10.1145/3097983.3098046}},
}

@InProceedings{jones2015exploratory,
  author    = {Jones, Zachary and Linder, Fridolin},
  title     = {{Exploratory data analysis using random forests}},
  booktitle = {{Prepared for the 73rd annual MPSA conference}},
  year      = {2015},
  file      = {:Jones2015.pdf:},
  tags      = {machine learning},
}

@Article{greenwell2017pdp,
  author  = {Greenwell, Brandon M.},
  title   = {{pdp: an R Package for constructing partial dependence plots}},
  journal = {{The R Journal}},
  year    = {2017},
  volume  = {9},
  number  = {1},
  pages   = {421--436},
  doi     = {10.32614/rj-2017-016},
  file    = {:Greenwell2017.pdf:},
  tags    = {machine learning},
}

@Article{guyon2003introduction,
  author  = {Guyon, Isabelle and Elisseeff, André},
  title   = {{An introduction to variable and feature selection}},
  journal = {{Journal of machine learning research}},
  year    = {2003},
  volume  = {3},
  number  = {Mar},
  pages   = {1157--1182},
  file    = {:Guyon2003.pdf:},
  tags    = {machine learning},
}

@Article{liaw2002classification,
  author  = {Liaw, Andy and Wiener, Matthew and others,},
  title   = {{Classification and regression by randomForest}},
  journal = {{R news}},
  year    = {2002},
  volume  = {2},
  number  = {3},
  pages   = {18--22},
  file    = {:Liaw2002.pdf:},
  tags    = {machine learning},
}

@Article{sole2017survey,
  author  = {Solé, Marc and Muntés-Mulero, Victor and Rana, Annie Ibrahim and Estrada, Giovani},
  title   = {{Survey on models and techniques for root-cause analysis}},
  journal = {{arXiv preprint arXiv:1701.08546}},
  year    = {2017},
  file    = {:Sole2017.pdf:},
  tags    = {causality},
}

@Article{bontempi2015dependency,
  author    = {Bontempi, Gianluca and Flauder, Maxime},
  title     = {{From dependency to causality: a machine learning approach}},
  journal   = {{The Journal of Machine Learning Research}},
  year      = {2015},
  volume    = {16},
  number    = {1},
  pages     = {2437--2457},
  file      = {:Bontempi2015.pdf:},
  publisher = {{JMLR. org}},
  tags      = {causality},
}

@InCollection{guyon2007causal,
  author    = {Guyon, Isabelle and Aliferis, Constantin and others},
  title     = {{Causal feature selection}},
  booktitle = {{Computational methods of feature selection}},
  publisher = {{Chapman and Hall/CRC}},
  year      = {2007},
  pages     = {75--97},
  doi       = {10.1201/9781584888796.ch4},
  file      = {:Guyon2007.pdf:},
  tags      = {causality},
}

@InProceedings{bontempi2010causal,
  author    = {Bontempi, Gianluca and Meyer, Patrick E.},
  title     = {{Causal filter selection in microarray data}},
  booktitle = {{Proceedings of the 27th international conference on machine learning (icml-10)}},
  year      = {2010},
  pages     = {95--102},
  file      = {:Bontempi2010.pdf:},
  tags      = {causality},
}

@Article{cheng2002learning,
  author    = {Cheng, Jie and Greiner, Russell and Kelly, Jonathan and Bell, David and Liu, Weiru},
  title     = {{Learning Bayesian networks from data: an information-theory based approach}},
  journal   = {{Artificial intelligence}},
  year      = {2002},
  volume    = {137},
  number    = {1-2},
  pages     = {43--90},
  doi       = {10.1016/s0004-3702(02)00191-1},
  file      = {:Cheng2002.pdf:},
  publisher = {{Elsevier}},
  tags      = {causality},
}

@InProceedings{tsamardinos2003time,
  author      = {Tsamardinos, Ioannis and Aliferis, Constantin F. and Statnikov, Alexander},
  title       = {{Time and sample efficient discovery of Markov blankets and direct causal relations}},
  booktitle   = {{Proceedings of the ninth ACM SIGKDD international conference on Knowledge discovery and data mining}},
  year        = {2003},
  pages       = {673--678},
  author:corp = {{ACM}},
  doi         = {10.1145/956804.956838},
  tags        = {causality},
}

@Article{spirtes2010introduction,
  author  = {Spirtes, Peter},
  title   = {{Introduction to causal inference}},
  journal = {{Journal of Machine Learning Research}},
  year    = {2010},
  volume  = {11},
  number  = {May},
  pages   = {1643--1662},
  tags    = {causality},
}

@Book{koller2009probabilistic,
  title     = {{Probabilistic graphical models: principles and techniques}},
  publisher = {{MIT press}},
  year      = {2009},
  author    = {Koller, Daphne and Friedman, Nir and Bach, Francis},
  tags      = {causality},
}

@Book{neapolitan2004learning,
  title     = {{Learning bayesian networks}},
  publisher = {{Pearson Prentice Hall Upper Saddle River, NJ}},
  year      = {2004},
  author    = {Neapolitan, Richard E. and others},
  volume    = {38},
  doi       = {10.1016/b978-012370477-1.50021-9},
  tags      = {causality},
}

@Article{aliferis2010local,
  author  = {Aliferis, Constantin F. and Statnikov, Alexander and Tsamardinos, Ioannis and Mani, Subramani and Koutsoukos, Xenofon D.},
  title   = {{Local causal and markov blanket induction for causal discovery and feature selection for classification part i: Algorithms and empirical evaluation}},
  journal = {{Journal of Machine Learning Research}},
  year    = {2010},
  volume  = {11},
  number  = {Jan},
  pages   = {171--234},
  tags    = {causality},
}

@Article{pellet2008using,
  author  = {Pellet, Jean-Philippe and Elisseeff, André},
  title   = {{Using Markov blankets for causal structure learning}},
  journal = {{Journal of Machine Learning Research}},
  year    = {2008},
  volume  = {9},
  number  = {Jul},
  pages   = {1295--1342},
  tags    = {causality},
}

@Article{nagarajan2013bayesian,
  author    = {Nagarajan, Radhakrishnan and Scutari, Marco and Lèbre, Sophie},
  title     = {{Bayesian networks in r}},
  journal   = {{Springer}},
  year      = {2013},
  volume    = {122},
  pages     = {125--127},
  doi       = {10.1007/978-1-4614-6446-4},
  publisher = {{Springer}},
  tags      = {causality},
}

@Book{scutari2014bayesian,
  title     = {{Bayesian networks: with examples in R}},
  publisher = {{Chapman and Hall/CRC}},
  year      = {2014},
  author    = {Scutari, Marco and Denis, Jean-Baptiste},
  month     = jun,
  doi       = {10.1201/b17065},
  tags      = {causality},
}

@Article{shmueli2010explain,
  author    = {Shmueli, Galit and others},
  title     = {{To explain or to predict?}},
  journal   = {{Statistical science}},
  year      = {2010},
  volume    = {25},
  number    = {3},
  pages     = {289--310},
  doi       = {10.2139/ssrn.1351252},
  publisher = {{Institute of Mathematical Statistics}},
  tags      = {causality},
}

@Article{pearl2009causal,
  author    = {Pearl, Judea and others},
  title     = {{Causal inference in statistics: An overview}},
  journal   = {{Statistics surveys}},
  year      = {2009},
  volume    = {3},
  pages     = {96--146},
  doi       = {10.1214/09-ss057},
  publisher = {{The author, under a Creative Commons Attribution License}},
  tags      = {causality},
}

@Book{kleinberg2015why,
  title     = {{Why: A guide to finding and using causes}},
  publisher = {{ O’Reilly Media, Inc.}},
  year      = {2015},
  author    = {Kleinberg, Samantha},
  tags      = {causality},
}

@InProceedings{dahiya2015customer,
  author        = {Dahiya, Kiran and Bhatia, Surbhi},
  title         = {Customer churn analysis in telecom industry},
  booktitle     = {2015 4th International Conference on Reliability, Infocom Technologies and Optimization (ICRITO)(Trends and Future Directions)},
  year          = {2015},
  pages         = {1--6},
  organization  = {IEEE},
  __markedentry = {[theo:1]},
  file          = {:Dahiya2015.pdf:},
}

@Article{hadden2007computer,
  author        = {Hadden, John and Tiwari, Ashutosh and Roy, Rajkumar and Ruta, Dymitr},
  title         = {Computer assisted customer churn management: State-of-the-art and future trends},
  journal       = {Computers \& Operations Research},
  year          = {2007},
  volume        = {34},
  number        = {10},
  pages         = {2902--2917},
  __markedentry = {[theo:1]},
  publisher     = {Elsevier},
}

@InCollection{heckerman1998tutorial,
  author    = {Heckerman, David},
  title     = {A tutorial on learning with Bayesian networks},
  booktitle = {Learning in graphical models},
  publisher = {Springer},
  year      = {1998},
  pages     = {301--354},
}

@Article{huang2012customer,
  author        = {Huang, Bingquan and Kechadi, Mohand Tahar and Buckley, Brian},
  title         = {Customer churn prediction in telecommunications},
  journal       = {Expert Systems with Applications},
  year          = {2012},
  volume        = {39},
  number        = {1},
  pages         = {1414--1425},
  __markedentry = {[theo:1]},
  file          = {:Huang2012.pdf:},
  publisher     = {Elsevier},
}

@Article{kayaalp2017review,
  author        = {Kayaalp, Fatih},
  title         = {Review of Customer Churn Analysis Studies in Telecommunications Industry},
  journal       = {Karaelmas Fen ve M{\"u}hendislik Dergisi},
  year          = {2017},
  volume        = {7},
  number        = {2},
  pages         = {696--705},
  __markedentry = {[theo:1]},
  file          = {:Kayaalp2017.pdf:},
}

@Book{krzanowski2009roc,
  title     = {ROC curves for continuous data},
  publisher = {Chapman and Hall/CRC},
  year      = {2009},
  author    = {Krzanowski, Wojtek J and Hand, David J},
}

@InProceedings{umayaparvathi2016attribute,
  author        = {Umayaparvathi, V and Iyakutti, K},
  title         = {Attribute selection and Customer Churn Prediction in telecom industry},
  booktitle     = {2016 International Conference on Data Mining and Advanced Computing (SAPIENCE)},
  year          = {2016},
  pages         = {84--90},
  organization  = {IEEE},
  __markedentry = {[theo:1]},
  file          = {:Umayaparvathi2016.pdf:},
}

@Article{verbeke2012new,
  author    = {Verbeke, Wouter and Dejaeger, Karel and Martens, David and Hur, Joon and Baesens, Bart},
  title     = {New insights into churn prediction in the telecommunication sector: A profit driven data mining approach},
  journal   = {European Journal of Operational Research},
  year      = {2012},
  volume    = {218},
  number    = {1},
  pages     = {211--229},
  file      = {:Verbeke2012.pdf:},
  publisher = {Elsevier},
}

@Book{fisher1937design,
  title     = {The design of experiments},
  publisher = {Oliver And Boyd; Edinburgh; London},
  year      = {1937},
  author    = {Fisher, Ronald Aylmer},
}

@Article{tsymbal2004problem,
  author    = {Tsymbal, Alexey},
  title     = {The problem of concept drift: definitions and related work},
  journal   = {Computer Science Department, Trinity College Dublin},
  year      = {2004},
  volume    = {106},
  number    = {2},
  pages     = {58},
  publisher = {Citeseer},
}

@Book{cover2012elements,
  title     = {Elements of information theory},
  publisher = {John Wiley \& Sons},
  year      = {2012},
  author    = {Cover, Thomas M and Thomas, Joy A},
  file      = {:Cover2012.pdf:},
}

@Online{itu2018itu,
  author  = {ITU},
  title   = {ITU releases 2018 global and regional ICT estimates},
  year    = {2018},
  url     = {https://www.itu.int/en/ITU-D/Statistics/Pages/stat/},
  urldate = {2019-04-13},
}

@Article{koller1996towards,
  author  = {Koller, D and Sahami, M},
  title   = {Towards optimal feature selection (1996) Proc. 13th Int'l. Conf},
  journal = {Machine Learning},
  year    = {1996},
  pages   = {284--292},
}

@InProceedings{margaritis2000bayesian,
  author    = {Margaritis, Dimitris and Thrun, Sebastian},
  title     = {Bayesian network induction via local neighborhoods},
  booktitle = {Advances in neural information processing systems},
  year      = {2000},
  pages     = {505--511},
}

@InProceedings{aliferis2003hiton,
  author       = {Aliferis, Constantin F and Tsamardinos, Ioannis and Statnikov, Alexander},
  title        = {HITON: a novel Markov Blanket algorithm for optimal variable selection},
  booktitle    = {AMIA Annual Symposium Proceedings},
  year         = {2003},
  volume       = {2003},
  pages        = {21},
  organization = {American Medical Informatics Association},
}

@Article{peng2005feature,
  author    = {Peng, Hanchuan and Long, Fuhui and Ding, Chris},
  title     = {Feature selection based on mutual information: criteria of max-dependency, max-relevance, and min-redundancy},
  journal   = {IEEE Transactions on Pattern Analysis \& Machine Intelligence},
  year      = {2005},
  number    = {8},
  pages     = {1226--1238},
  publisher = {IEEE},
}

@Article{meyer2008information,
  author    = {Meyer, Patrick Emmanuel and Schretter, Colas and Bontempi, Gianluca},
  title     = {Information-theoretic feature selection in microarray data using variable complementarity},
  journal   = {IEEE Journal of Selected Topics in Signal Processing},
  year      = {2008},
  volume    = {2},
  number    = {3},
  pages     = {261--274},
  publisher = {IEEE},
}

@Article{bell2000formalism,
  author    = {Bell, David A and Wang, Hui},
  title     = {A formalism for relevance and its application in feature subset selection},
  journal   = {Machine learning},
  year      = {2000},
  volume    = {41},
  number    = {2},
  pages     = {175--195},
  publisher = {Springer},
}

@Article{fleuret2004fast,
  author  = {Fleuret, Fran{\c{c}}ois},
  title   = {Fast binary feature selection with conditional mutual information},
  journal = {Journal of Machine learning research},
  year    = {2004},
  volume  = {5},
  number  = {Nov},
  pages   = {1531--1555},
}

@Article{yu2004efficient,
  author  = {Yu, Lei and Liu, Huan},
  title   = {Efficient feature selection via analysis of relevance and redundancy},
  journal = {Journal of machine learning research},
  year    = {2004},
  volume  = {5},
  number  = {Oct},
  pages   = {1205--1224},
}

@Article{bontempi2011multiple,
  author    = {Bontempi, Gianluca and Haibe-Kains, Benjamin and Desmedt, Christine and Sotiriou, Christos and Quackenbush, John},
  title     = {Multiple-input multiple-output causal strategies for gene selection},
  journal   = {BMC bioinformatics},
  year      = {2011},
  volume    = {12},
  number    = {1},
  pages     = {458},
  publisher = {BioMed Central},
}

@Article{fonollosa2016conditional,
  author  = {Fonollosa, Jos{\'e} AR},
  title   = {Conditional distribution variability measures for causality detection},
  journal = {arXiv preprint arXiv:1601.06680},
  year    = {2016},
}

@Article{pearl2002causality,
  author    = {Pearl, Judea},
  title     = {Causality: models, reasoning, and inference},
  journal   = {IIE Transactions},
  year      = {2002},
  volume    = {34},
  number    = {6},
  pages     = {583--589},
  publisher = {Springer},
}

@Article{hitchcock1997probabilistic,
  author = {Hitchcock, Christopher},
  title  = {Probabilistic causation},
  year   = {1997},
}

@Book{spirtes2000causation,
  title     = {Causation, prediction, and search},
  publisher = {MIT press},
  year      = {2000},
  author    = {Spirtes, Peter and Glymour, Clark N and Scheines, Richard and Heckerman, David and Meek, Christopher and Cooper, Gregory and Richardson, Thomas},
}

@Article{shannon1948mathematical,
  author    = {Shannon, Claude Elwood},
  title     = {A mathematical theory of communication},
  journal   = {Bell system technical journal},
  year      = {1948},
  volume    = {27},
  number    = {3},
  pages     = {379--423},
  publisher = {Wiley Online Library},
}

@Article{kolmogorov1956shannon,
  author    = {Kolmogorov, A},
  title     = {On the Shannon theory of information transmission in the case of continuous signals},
  journal   = {IRE Transactions on Information Theory},
  year      = {1956},
  volume    = {2},
  number    = {4},
  pages     = {102--108},
  publisher = {IEEE},
}

@Article{olsen2008impact,
  author    = {Olsen, Catharina and Meyer, Patrick E and Bontempi, Gianluca},
  title     = {On the impact of entropy estimation on transcriptional regulatory network inference based on mutual information},
  journal   = {EURASIP Journal on Bioinformatics and Systems Biology},
  year      = {2008},
  volume    = {2009},
  number    = {1},
  pages     = {308959},
  publisher = {Springer},
}

@Article{ding2005minimum,
  author    = {Ding, Chris and Peng, Hanchuan},
  title     = {Minimum redundancy feature selection from microarray gene expression data},
  journal   = {Journal of bioinformatics and computational biology},
  year      = {2005},
  volume    = {3},
  number    = {02},
  pages     = {185--205},
  publisher = {World Scientific},
}

@InProceedings{bell2003co,
  author    = {Bell, Anthony J},
  title     = {The co-information lattice},
  booktitle = {Proceedings of the Fifth International Workshop on Independent Component Analysis and Blind Signal Separation: ICA},
  year      = {2003},
  volume    = {2003},
}

@Article{mcgill1954multivariate,
  author    = {McGill, William},
  title     = {Multivariate information transmission},
  journal   = {Transactions of the IRE Professional Group on Information Theory},
  year      = {1954},
  volume    = {4},
  number    = {4},
  pages     = {93--111},
  publisher = {IEEE},
}

@Article{spirtes1991algorithm,
  author    = {Spirtes, Peter and Glymour, Clark},
  title     = {An algorithm for fast recovery of sparse causal graphs},
  journal   = {Social science computer review},
  year      = {1991},
  volume    = {9},
  number    = {1},
  pages     = {62--72},
  publisher = {Sage Publications Sage CA: Thousand Oaks, CA},
}

@Article{scutari2009learning,
  author  = {Scutari, Marco},
  title   = {Learning Bayesian networks with the bnlearn R package},
  journal = {arXiv preprint arXiv:0908.3817},
  year    = {2009},
}

@Book{good2013permutation,
  title     = {Permutation tests: a practical guide to resampling methods for testing hypotheses},
  publisher = {Springer Science \& Business Media},
  year      = {2013},
  author    = {Good, Phillip},
}

@InProceedings{tsamardinos2003algorithms,
  author    = {Tsamardinos, Ioannis and Aliferis, Constantin F and Statnikov, Alexander R and Statnikov, Er},
  title     = {Algorithms for Large Scale Markov Blanket Discovery.},
  booktitle = {FLAIRS conference},
  year      = {2003},
  volume    = {2},
  pages     = {376--380},
}

@Article{bontempi1999lazy,
  author    = {Bontempi, Gianluca and Birattari, Mauro and Bersini, Hugues},
  title     = {Lazy learning for local modelling and control design},
  journal   = {International Journal of Control},
  year      = {1999},
  volume    = {72},
  number    = {7-8},
  pages     = {643--658},
  publisher = {Taylor \& Francis},
}

@Comment{jabref-meta: databaseType:bibtex;}
